<?xml version="1.0" encoding="UTF-8"?><collection xmlns="http://www.loc.gov/MARC21/slim"><record><leader>00528nam--2200181-i-4500</leader><controlfield tag="001">000010575</controlfield><controlfield tag="002">20161230</controlfield><controlfield tag="005">20161230201028</controlfield><controlfield tag="008">060222s1000------------r-----000-0-fre-d</controlfield><datafield ind1=" " ind2=" " tag="040"><subfield code="a">IFIN-HH</subfield></datafield><datafield ind1=" " ind2=" " tag="041"><subfield code="a">fre</subfield></datafield><datafield ind1=" " ind2=" " tag="080"><subfield code="a">015.539.173.8</subfield></datafield><datafield ind1="1" ind2=" " tag="100"><subfield code="a">Brissot Roger</subfield></datafield><datafield ind1="1" ind2="0" tag="245"><subfield code="a">Mesure de rendements de fission par separa tion isotopique en ligne</subfield><subfield code="b">These</subfield><subfield code="c">Roger brissot</subfield></datafield><datafield ind1=" " ind2=" " tag="260"><subfield code="a">Grenoble</subfield><subfield code="b">Universite Scientifique Et Medicale De Grenoble</subfield><subfield code="c">1971</subfield></datafield><datafield ind1=" " ind2=" " tag="300"><subfield code="a">65 P</subfield></datafield><datafield ind1=" " ind2=" " tag="852"><subfield code="a">38257</subfield><subfield code="c">539.17</subfield></datafield><datafield ind1=" " ind2=" " tag="CAT"><subfield code="a">Sys</subfield><subfield code="c">20120611</subfield><subfield code="h">093541</subfield></datafield></record></collection>